<?xml version="1.0" encoding="UTF-8"?><collection xmlns="http://www.loc.gov/MARC21/slim"><record><leader>00399nam--2200133-i-4500</leader><controlfield tag="001">000008726</controlfield><controlfield tag="002">20161230</controlfield><controlfield tag="005">20161230201027</controlfield><controlfield tag="008">060222s1000------------r-----000-0-eng-d</controlfield><datafield ind1=" " ind2=" " tag="080"><subfield code="a">621.039.8:543.53:621.039.3</subfield></datafield><datafield ind1=" " ind2=" " tag="100"><subfield code="a">Berlandi, Francis Joseph</subfield></datafield><datafield ind1=" " ind2=" " tag="245"><subfield code="a">Neutron activation electrodeposition technique s. thesis</subfield></datafield><datafield ind1=" " ind2=" " tag="260"><subfield code="a">Ann Arbor, Michigan, University Microfilms, 1966 138 P</subfield></datafield><datafield ind1=" " ind2=" " tag="852"><subfield code="a">29968</subfield></datafield></record></collection>